@book{pbr-book,
    author    = "Matt Pharr and Wenzel Jakob and Greg Humphreys",
    title     = "Physically Based Rendering: From Theory To Implementation",
    publisher = "MK, Morgen Kaufmann",
    edition   = "3rd",
    year      = "2018",
}

@unpublished{pris,
	author	= "Johannes Schudeiske",
	title	= "Fotorealistische Bildsynthese",
	note	= "Course slides from lecture at the KIT",
}